<?xml version="1.0" encoding="UTF-8" ?>
<collection xmlns:xsi="http://www.w3.org/2001/XMLSchema-instance"
    xsi:schemaLocation="http://www.loc.gov/MARC21/slim
        http://www.loc.gov/standards/marcxml/schema/MARC21slim.xsd"
    xmlns="http://www.loc.gov/MARC21/slim">
<record>
  <leader>00227cam a2200421 i 4500</leader>
  <controlfield tag="001">b12356402</controlfield>
  <controlfield tag="003">LeBAU</controlfield>
  <controlfield tag="005">20131111</controlfield>
  <controlfield tag="008">970219s1903    ua a     b    000 0 ara d</controlfield>
  <datafield tag="035" ind1=" " ind2=" ">
    <subfield code="a">ocn784244895</subfield>
  </datafield>
  <datafield tag="040" ind1=" " ind2=" ">
    <subfield code="a">LEAUB</subfield>
    <subfield code="b">ara</subfield>
    <subfield code="e">rda</subfield>
    <subfield code="c">LEAUB</subfield>
    <subfield code="d">LEAUB</subfield>
  </datafield>
  <datafield tag="082" ind1="0" ind2="4">
    <subfield code="a">189.3</subfield>
    <subfield code="2">22</subfield>
  </datafield>
  <datafield tag="100" ind1="1" ind2=" ">
    <subfield code="6">880-01</subfield>
    <subfield code="a">Anṭūn, Faraḥ,</subfield>
    <subfield code="d">1874-1922,</subfield>
    <subfield code="e">author.</subfield>
  </datafield>
  <datafield tag="245" ind1="1" ind2="0">
    <subfield code="6">880-02</subfield>
    <subfield code="a">Ibn Rushd wa-falsafatuhu /</subfield>
    <subfield code="c">ta’līf Faraḥ Anṭūn, munshi’ majallat al-Jāmi‘ah. Wa-fī dhayl al-kitāb rudūd al-Ustādh [Muḥammad ‘Abduh] ‘alá [Majallat] al-Jāmi‘ah fī sitt maqālāt bi-sha’n maqālah mukhtaṣarah nasharathā [Majallat] al-Jāmi‘ah mundhu ashhur fī hādhā al-mawḍū‘. Wa-ajwibat [Majallat] al-Jāmi‘ah fī sitt maqālāt ayḍan.</subfield>
  </datafield>
  <datafield tag="264" ind1=" " ind2="1">
    <subfield code="6">880-03</subfield>
    <subfield code="a">al-Iskandarīyah :</subfield>
    <subfield code="b">al-Jāmi‘ah al-Iskandarīyah,</subfield>
    <subfield code="c">1903.</subfield>
  </datafield>
  <datafield tag="300" ind1=" " ind2=" ">
    <subfield code="6">880-04</subfield>
    <subfield code="a">277 pages :</subfield>
    <subfield code="b">illustrations ;</subfield>
    <subfield code="c">26 cm</subfield>
  </datafield>
  <datafield tag="336" ind1=" " ind2=" ">
    <subfield code="a">text</subfield>
    <subfield code="b">txt</subfield>
    <subfield code="2">rdacontent</subfield>
  </datafield>
  <datafield tag="337" ind1=" " ind2=" ">
    <subfield code="a">unmediated</subfield>
    <subfield code="b">n</subfield>
    <subfield code="2">rdamedia</subfield>
  </datafield>
  <datafield tag="338" ind1=" " ind2=" ">
    <subfield code="a">volume</subfield>
    <subfield code="b">nc</subfield>
    <subfield code="2">rdacarrier</subfield>
  </datafield>
  <datafield tag="500" ind1=" " ind2=" ">
    <subfield code="a">"هو قاضي قضاة الأندلس وأشهر فلاسفة الإسلام على الإطلاق وأعظم شراح فلسفة أرسطو في العالم. نفاه أبناء عصره ومنعوا كتبه لإشتغاله بالفلسفة. وعلى شروحه الفلسفية بنى الأوروبيون فلسفتهم في القرون الوسطى. وكان إسمه مشهورا عندهم شهرة أرسطو. وهذا الكتاب يحتوي على ترجمته بالتطويل نقلا عن مؤرخي العرب والإفرنج. وبيان مؤلفاته وطريقة شرحه أرسطو وبسط فلسفته ونسبتها إلى فلسفة أرسطو، وتاريخها عند اليهود وفي أوروبا، وإهتمام القديس توما أعظم حكماء الكنيسة الغربية بالرد عليها وتاريخ الفلسفة الحديثة التي حلت محلها."--صفحة العنوان.</subfield>
  </datafield>
  <datafield tag="504" ind1=" " ind2=" ">
    <subfield code="a">يتضمن مراجع ببليوغرافية.</subfield>
  </datafield>
  <datafield tag="600" ind1="1" ind2="4">
    <subfield code="a">إبن رشد، أبو الوليد محمد بن أحمد</subfield>
    <subfield code="c">الفيلسوف،</subfield>
    <subfield code="d">1126-1198.</subfield>
  </datafield>
  <datafield tag="600" ind1="1" ind2="0">
    <subfield code="a">Ibn Rushd, Abū al-Walīd,</subfield>
    <subfield code="d">1126-1198.</subfield>
  </datafield>
  <datafield tag="650" ind1=" " ind2="4">
    <subfield code="a">الفلسفة الاسلامية.</subfield>
  </datafield>
  <datafield tag="650" ind1=" " ind2="4">
    <subfield code="a">مقالات عربية.</subfield>
  </datafield>
  <datafield tag="650" ind1=" " ind2="0">
    <subfield code="a">Arabic essays.</subfield>
  </datafield>
  <datafield tag="650" ind1=" " ind2="0">
    <subfield code="a">Islamic philosophy.</subfield>
  </datafield>
  <datafield tag="700" ind1="1" ind2=" ">
    <subfield code="6">880-05</subfield>
    <subfield code="a">Abduh, Muhammad,</subfield>
    <subfield code="d">1849-1905,</subfield>
    <subfield code="e">author.</subfield>
  </datafield>
  <datafield tag="852" ind1=" " ind2=" ">
    <subfield code="a">Jafet Archives and Special Collections</subfield>
    <subfield code="e">American University of Beirut, Bliss Street , Beirut, Lebanon.</subfield>
  </datafield>
  <datafield tag="880" ind1="1" ind2=" ">
    <subfield code="6">100-01/(3/r</subfield>
    <subfield code="a">انطون، فرح،</subfield>
    <subfield code="d">1874-1922،</subfield>
    <subfield code="e">مؤلف. </subfield>
    <subfield code="4">aut.</subfield>
  </datafield>
  <datafield tag="880" ind1="1" ind2="0">
    <subfield code="6">245-02/(3/r</subfield>
    <subfield code="a">إبن رشد وفلسفته /</subfield>
    <subfield code="c">تأليف فرح أنطون، منشىء مجلة الجامعة. وفي ذيل الكتاب ردود الأستاذ [محمد عبده] على [مجلة] الجامعة في ست مقالات بشأن مقالة مشتركة نشرتها [مجلة] الجامعة منذ أشهر في هذا الموضوع. وأجوبة [مجلة] الجامعة في ست مقالات أيضاً.</subfield>
  </datafield>
  <datafield tag="880" ind1=" " ind2="1">
    <subfield code="6">264-03/(3/r</subfield>
    <subfield code="a">الاسكندرية :</subfield>
    <subfield code="b">جامعة الاسكندرية،</subfield>
    <subfield code="c">1903.</subfield>
  </datafield>
  <datafield tag="880" ind1=" " ind2=" ">
    <subfield code="6">300-04/(3/r</subfield>
    <subfield code="a">227 صفحة :</subfield>
    <subfield code="b">مصورات ؛</subfield>
    <subfield code="c">26 سم</subfield>
  </datafield>
  <datafield tag="880" ind1="1" ind2=" ">
    <subfield code="6">700-05/(3/r</subfield>
    <subfield code="a">عبده، محمد،</subfield>
    <subfield code="d">1849-1905،</subfield>
    <subfield code="e">مؤلف. </subfield>
    <subfield code="4">aut.</subfield>
  </datafield>
  <datafield tag="907" ind1=" " ind2=" ">
    <subfield code="a">.b12356402</subfield>
    <subfield code="b">15-10-15</subfield>
    <subfield code="c">11-05-24</subfield>
  </datafield>
  <datafield tag="907" ind1=" " ind2=" ">
    <subfield code="a">.b12356402</subfield>
    <subfield code="b">11-10-11</subfield>
    <subfield code="c">11-05-24</subfield>
  </datafield>
  <datafield tag="945" ind1=" " ind2=" ">
    <subfield code="f">CA</subfield>
    <subfield code="a">189.3:A63iA:c.1</subfield>
    <subfield code="g">1</subfield>
    <subfield code="i">01007066</subfield>
    <subfield code="j">.i12802827</subfield>
    <subfield code="l">u0304</subfield>
  </datafield>
  <datafield tag="998" ind1=" " ind2=" ">
    <subfield code="a">u03</subfield>
    <subfield code="b">97-02-19</subfield>
    <subfield code="c">m</subfield>
    <subfield code="d">a</subfield>
    <subfield code="e">-</subfield>
    <subfield code="f">aar</subfield>
    <subfield code="g">ua </subfield>
    <subfield code="h">0</subfield>
    <subfield code="i">1</subfield>
  </datafield>
</record>
</collection>
